@inbook{elsterinst1994,
	title={Instituições sociais},
	booktitle={Peças e engrenagens das ciências sociais},
	author={Elster, Jon},
	year={1994},
	furtherresp={Tradução Antônio Trânsito},
	address={Rio de Janeiro},
	pages={174-186},
	publisher={Relume-Dumará}
}
@inbook{elster2010org,
	title={Organizations and institutions},
	booktitle={Explaining social behavior},
	booksubtitle={more nuts and bolts for the social sciences},
	author={Elster, Jon},
	year={2010},
	address={Cambridge},
	pages={427-443},
	publisher={Cambridge University Press}
}
@book{elster1989cement,
	title={The cement of society},
	subtitle={a study of social order},
	author={Elster, Jon},
	year={1989},
	address={Cambridge},
	publisher={Cambridge University Press}
}
@book{elster2010,
	title={Explaining social behavior},
	subtitle={more nuts and bolts for the social sciences},
	author={Elster, Jon},
	year={2010},
	address={Cambridge},
	publisher={Cambridge University Press}
}
@article{salej2015velasquez,
	title={Harrison C. White. Identity \& Control. How Social Formations Emerge. Segunda edici{\'o}n (Princeton: Princeton University Press, 2008), 427 pp.},
	author={Salej Higgins, Silvio and Vel{\'a}squez, C{\'e}sar Alfonso},
	journal={Revista Mexicana de Sociolog{\'\i}a},
	volume={77},
	number={2},
	year={2015}
}
@book{white2008,
	title={Identity and control},
	subtitle={how social formations emerge},
	author={White, Harrison C},
	year={2008},
	address={Princeton, NJ},
	publisher={Princeton University Press}
}
@article{mohr2008model,
	title={How to model an institution},
	author={Mohr, John W and White, Harrison C},
	journal={Theory and Society},
	volume={37},
	number={5},
	pages={485--512},
	year={2008},
	publisher={Springer}
}
@book{goffman2011representacao,
	title={A representa{\c{c}}{\~a}o do eu na vida cotidiana},
	author={Goffman, Erving},
	address={Petrópolis},
	furtherresp={18 ed},
	year={2011},
	publisher={Vozes}
}
@article{fararo1984tripartite,
	title={Tripartite structural analysis: Generalizing the Breiger-Wilson formalism},
	author={Fararo, Thomas J and Doreian, Patrick},
	journal={Social Networks},
	volume={6},
	number={2},
	pages={141--175},
	year={1984},
	publisher={Elsevier}
}
@book{crane1972invisible,
	title={Invisible colleges},
	author={Crane, Diana},
	address={Chicago},
	publisher={University of Chicago Press},
	year={1972}
}
@book{kuhn1975estrutura,
	title={A estrutura das revolu{\c{c}}{\~o}es cient{\'\i}ficas},
	author={Kuhn, Thomas S},
	year={1975},
	address={São Paulo},
	publisher={Perspectiva}
}
@misc{ennis1990seventh,
	title={The seventh stream},
	subtitle={A history and geography of rock ‘n roll to 1970},
	author={Ennis, Philip H},
	year={1990},
	address={Middletown, CT},
	publisher={Wesleyan University Press}
}
@book{giddens1979central,
	title={Central problems in social theory},
	subtitle={Action, structure, and contradiction in social analysis},
	author={Giddens, Anthony},
	address={Berkeley},
	year={1979},
	publisher={University of California Press}
}
@article{granovetter2007acao,
	title={A{\c{c}}{\~a}o econ{\^o}mica e estrutura social: o problema da imers{\~a}o},
	author={Granovetter, Mark},
	year={2007},
	volume={6},
	number={1},
	journal={RAE eletrônica}
}
@incollection{granovetter1990old,
	title={The old and the new economic sociology: A history and an agenda},
	author={Granovetter, Mark},
	Booktitle={Beyond the marketplace},
	Booksubtitle={Rethinking economy and society},
    editor={Frieland, R and Robertson, A. R.},
	pages={89--112},
	editortype={Ed.},
	year={1990},
	address={New York},
	publisher={Aldine de Gruyter}
}
@book{steiner2006,
	title={A sociologia econ{\^o}mica},
	author={Steiner, Philippe},
	year={2006},
	address={São Paulo},
	publisher={Atlas},
	furtherresp={Tradução Maria Helena C. V. Trylinski}
}
@article{dimaggio1982,
	title={Cultural entrepreneurship in nineteenth-century Boston: the creation of an organizational base for high culture in America},
	author={DiMaggio, Paul},
	year={1982},
	journal={Media, Culture and Society},
	volume={4},
	number={},
	pages={33-50},
}
@book{mueller1951american,
	title={The American Symphony Orchestra},
	subtitle={A Social History of Musical Taste},
	author={Mueller, John Henry},
	year={1951},
	address={Bloomigton},
	publisher={Indiana University Press}
}
@book{perry1921,
	title={Life and Letters of Henry Lee Higginson},
	author={Perry, Bliss},
	year={1921},
	address={Boston},
	publisher={Atlantic Monthly Press}
}
@article{lin1999building,
	title={Building a network theory of social capital},
	author={Lin, Nan},
	journal={Connections},
	volume={22},
	number={1},
	pages={28--51},
	year={1999}
}
@article{granovetter1976network,
	title={Network sampling: Some first steps},
	author={Granovetter, Mark},
	journal={American Journal of Sociology},
	pages={1287--1303},
	year={1976},
	publisher={JSTOR}
}
@article{bourdieu2011forms,
	title={The forms of capital.(1986)},
	author={Bourdieu, Pierre},
	journal={Cultural theory: An anthology},
	pages={81--93},
	year={2011}
}
@incollection{ostrom1996crossing,
	title={Crossing the great divide: coproduction, synergy, and development},
	author={Ostrom, Elinor},
	booktitle={State-Society Synergy},
	booksubtitle={Government and Social Capital in Development.},
	editor={Evans, Peter},
	editortype={org.},
	pages={85--118},
	year={1997},
	address={Berkeley},
	publisher={University of California Press}
}
@article{evans1996government,
	title={Government action, social capital and development: reviewing the evidence on synergy},
	author={Evans, Peter},
	journal={World development},
	volume={24},
	number={6},
	pages={1119--1132},
	year={1996},
	publisher={Elsevier}
}
@book{watson1995good,
	title={Good Sewers Cheap? Agency-Customer Interactions in Low-Cost Urban Sanitation in Brazil},
	author={Watson, Gabrielle},
	address={Washington DC},
	publisher={World Bank},
	year={1995}
}
@article{burawoy1990transformaccao,
	title={A transforma{\c{c}}{\~a}o dos regimes fabris no capitalismo avan{\c{c}}ado},
	author={Burawoy, Michael},
	journal={Revista Brasileira de Ci{\^e}ncias Sociais},
	volume={5},
	number={13},
	pages={29--50},
	year={1990},
	publisher={Anpocs S{\~a}o Paulo},
	url={http://www.anpocs.org.br/portal/publicacoes/rbcs_00_13/rbcs13_02.htm},
	urlaccessdate={27/06/2015}
}
@inbook{goffman2011preservacao,
	title={Sobre a preservação da fachada: uma análise dos elementos rituais na interação social},
	booktitle={Ritual de Interação},
	booksubtitle={Ensaios sobre o comportamento face a face},
	author={Goffman, Erving},
	address={Petr{\'o}polis, RJ},
	publisher={Vozes},
	year={2011}
}
@book{goffman1974manicomios,
	title={Manic{\^o}mios, pris{\~o}es e conventos},
	author={Goffman, Erving},
	address={São Paulo},
	publisher={Perspectiva},
	year={1974}
}
@article{meyer1997world,
	title={World society and the nation-state},
	author={Meyer, John W and Boli, John and Thomas, George M and Ramirez, Francisco O},
	journal={American Journal of sociology},
	volume={103},
	number={1},
	pages={144--181},
	year={1997},
	publisher={JSTOR}
}
@article{evans2015pursuing,
	title={Pursuing a Great Transformation},
	author={Evans, Peter},
	journal={Sociology of Development},
	volume={1},
	number={1},
	pages={3-19},
	year={2015},
	publisher={University of California Press}
}
@book{polanyi1944great,
	title={The great transformation},
	subtitle={The political and economic origins of our time},
	author={Polanyi, Karl},
	year={1944},
	publisher={Beacon Press}
}
@article{warde2015consumption,
	title={The Sociology of Consumption: Its Recent Development},
	author={Warde, Alan},
	journal={Annual Review of Sociology},
	volume={41},
	number={12},
	pages={1-18},
	year={2015}
}
@book{featherstone2007consumer,
	title={Consumer culture and postmodernism},
	author={Featherstone, Mike},
	year={2007},
	address={London},
	publisher={Sage}
}
@book{latour2005reassembling,
	title={Reassembling the social},
	author={Latour, Bruno},
	subtitle={an introduction to actor-network-theory},
	address={Oxford},
	year={2005},
	publisher={Oxford University Press}
}
@incollection{cohen2000citizens,
	title={Citizens and consumers in the United States in the century of mass consumption},
	author={Cohen, Lizabeth},
	booktitle={The politics of consumption: material culture and citizenship in Europe and America},
	address={Oxford, UK},
	editor={Daunton, M and Hilton, M},
	publisher{Berg},
	pages={203--22},
	year={2000}
}
@book{becker2008art,
	title={Art worlds},
	author={Becker, Howard Saul},
	year={2008},
	address={California},
	publisher={Univ of California Press},
	furtherresp={25th Anniversary Edition, updated and expanded},
}
@book{mintz1985sweetness,
	title={Sweetness and power},
	author={Mintz, Sidney Wilfred},
	year={1985},
	address={New York},
	publisher={Viking}
}
@book{adorno1991culture,
	title={The culture industry},
	subtitle={Selected essays on mass culture},
	author={Adorno, Theodor},
	address={London},
	publisher={Routledge},
	year={1991}
}
@inbook{horkheimer1946culture,
	title={The culture industry: Enlightenment as mass deception},
	author={Horkheimer, Max and Adorno, Theodore W},
	booktitle={Dialectic of Enlightment},
	address={London},
	publisher={Verso},
	pages={120--67},
	year={1946}
}
@article{carruthers2011sociology,
	title={The sociology of finance},
	author={Carruthers, Bruce G and Kim, Jeong-Chul},
	journal={Annual Review of Sociology},
	volume={37},
	pages={239--259},
	year={2011},
	publisher={Annual Reviews}
}
@article{pixley2009time,
	title={Time orientations and emotion-rules in finance},
	author={Pixley, Jocelyn},
	journal={Theory and society},
	volume={38},
	number={4},
	pages={383--400},
	year={2009},
	publisher={Springer}
}
@book{weber1995fundamentos,
	title={Os fundamentos racionais e sociol{\'o}gicos da m{\'u}sica},
	author={Weber, Max},
	year={1995},
	address={São Paulo},
	publisher={Edusp}
}
@incollection{swedberg1992introduction,
	title={Introduction},
	booktitle={The sociology of economic life},
	author={Swedberg, Richard and Granovetter, Mark S},
	editor={Granovetter, Mark S and Swedberg, Richard},
	year={1992},
	address={Boulder},
	publisher={Westview Press},
	pages={1--26}
}
@article{hirsch1987dirty,
	title={Dirty hands versus clean models},
	author={Hirsch, Paul and Michaels, Stuart and Friedman, Ray},
	journal={Theory and society},
	volume={16},
	number={3},
	pages={317--336},
	year={1987},
	publisher={Springer}
}
@article{garcia2003construccao,
	title={A constru{\c{c}}{\~a}o social de um mercado perfeito: o caso de Fontaines-en-Sologne},
	author={Garcia-Parpet, Marie France},
	journal={Estudos Sociedade e Agricultura},
	volume={1},
	year={2003},
	pages={5--44}
}
@book{white1993canvases,
	title={Canvases and careers: Institutional change in the French painting world},
	author={White, Harrison C and White, Cynthia A},
	year={1993},
	publisher={University of Chicago Press},
	address={Chicago},
}
@book{bourdieu2005social,
	title={The social structures of the economy},
	author={Bourdieu, Pierre},
	year={2005},
	publisher={Polity}
}
@book{bourdieu2005regras,
	title={As regras da arte},
	subtitle={g{\^e}nese e estrutura do campo liter{\'a}rio},
	author={Bourdieu, Pierre},
	year={2005},
	furtherresp={2 ed},
	address={São Paulo},
	publisher={Companhia das Letras}
}
@book{bourdieu2008ciencia,
	author={Bourdieu, Pierre},
	title={Para uma sociologia da ciência},
	address={Lisboa},
	publisher={Edições 70},
	year={2008}
}
@inbook{bourdieu1993field,
	title={The field of cultural production, or: The economic world reversed},
	booktitle={The field of cultural production},
	booksubtitle={Essays on art and literature},
	author={Bourdieu, Pierre},
	year={1993},
	address={New York},
	publisher={Columbia University Press},
}
@book{faulkner2003music,
	title={Music on demand},
	subtitle={Composers and careers in the Hollywood film industry},
	author={Faulkner, Robert R},
	year={2003},
	address={New Brunswick},
	publisher={Transaction Publishers},
}
@book{jevons1996teoria,
	title={A teoria da economia política},
	author={Jevons, William Stanley},
	year={1996},
	address={São Paulo},
	publisher={Editora Nova Cultural Ltda}
}
@book{walras1996compendio,
	title={Comp{\^e}ndio dos elementos de economia pol{\'\i}tica pura},
	author={Walras, L{\'e}on},
	year={1996},
	address={São Paulo},
	publisher={Editora Nova Cultural Ltda}
}
@incollection{carneiro1996apresentacao,
	author={Carneiro{ }Netto, Dionísio Dias},
	title={Apresentação},
	booktitle={Comp{\^e}ndio dos elementos de economia pol{\'\i}tica pura},
	editor={Walras, León},
	editortype={},
	address={São Paulo},
	publisher={Editora Nova Cultural Ltda},
	year={1996},
}
@incollection{granovetter1990old,
	title={The old and the new economic sociology: A history and an agenda},
	author={Granovetter, Mark},
	booktitle={Beyond the marketplace},
	booksubtitle={Rethinking economy and society},
	editor={FRIELAND, R. and ROBERTSON, A. F.},
	pages={89--112},
	year={1990},
	address={New York},
	publisher={Aldine de Gruyter}
}
@book{minas2015,
	title={IX termo aditivo ao termo de parceria nº 19/2008},
	subtitle={IX termo aditivo que entre si celebram a Secretaria de Estado de Cultura (SEC) e o Insituto Cultural Filarmônica},
	organization={MINAS GERAIS},
	year={2015},
	address={Minas Gerais},
	url={http://www.filarmonica.art.br/wp-content/uploads/2014/10/ix-aditivo-baixa.pdf},
	urlaccessdate={15 out. 2015}
}
@book{filarmonica2015gerencial,
	title={26º Relatório Gerencial},
	subtitle={período avaliativo: 1 de fevereiro de 2015 a 30 de junho de 2015},
	organization={Instituto Cultural Filarmônica},
	year={2015},
	address={Minas Gerais},
	url={http://www.filarmonica.art.br/wp-content/uploads/2014/10/26o_relatorio_gerencial_2015.pdf},
	urlaccessdate={15 out. 2015},
}
@book{filarmonica2015site,
	title={Site da Filarmônica},
	organization={Orquestra Filarmônica de MG},
	year={2015},
	address={Minas Gerais},
	url={www.filarmonica.art.br},
	urlaccessdate={15 out. 2015},
}
@article{peacock2006arts,
	title={The arts and economic policy},
	author={Peacock, Alan},
	journal={Handbook of the Economics of Art and Culture},
	volume={1},
	pages={1123--1140},
	year={2006},
	publisher={Elsevier}
}
@article{musgrave1987merit,
	title={Merit goods},
	author={Musgrave, Richard A},
	journal={The new Palgrave: a dictionary of economics},
	volume={3},
	pages={452},
	year={1987},
	publisher={Macmillan London}
}
@article{van2006making,
	title={The making of cultural policy: A European perspective},
	author={Van der Ploeg, Frederick},
	journal={Handbook of the Economics of Art and Culture},
	volume={1},
	pages={1183--1221},
	year={2006},
	publisher={Elsevier}
}
@book{lander2014r,
	title={R for everyone},
	subtitle={Advanced analytics and graphics},
	furtherresp={Ebook},
	author={Lander, Jared P},
	year={2014},
	address={Upper Saddle River, NJ},
	publisher={Addison-Wesley, Pearson Education}
}
@book{barbetta2012estatistica,
	title={Estat{\'\i}stica aplicada {\`a}s ci{\^e}ncias sociais},
	author={Barbetta, Pedro Alberto},
	furtherresp={8 ed. rev.},
	year={2012},
	address={Florianópolis},
	publisher={Ed. UFSC}
}
@misc{rubim2006bibliografia,
	title={Bibliografia sobre políticas culturais no Brasil},
	editor={Rubim, Antonio Albino Canelas},
	address={Salvador},
	year={2006},
	url={http://www.cult.ufba.br/arquivos/bibliografias_politicasculturais_brasil_01maio06.pdf}
	urlaccessdate={28/12/2015}
}
@article{olivieri2009bibliografia,
	title={Bibliografia Comentada},
	author={Olivieri, Cristiane},
	journal={Revista Observatório Itaú Cultural},
	volume={07},
	month={jan./mar.},
	year={2009},
	address={São Paulo, SP},
	publisher={Itaú Cultural},
	furtherresp={ebook}
}
@book{dye1972understanding,
	title={Understanding public policy},
	author={Dye, Thomas R},
	year={1972},
	publisher={Prentice Hall},
	address={Englewood Cliffs, NJ}
}
@book{howlett2013politica,
	title={Pol{\'\i}tica p{\'u}blica},
	subtitle={seus ciclos e subsistemas--uma abordagem integral},
	author={Howlett, Michael and Ramesh, M and Perl, Anthony},
	address={Rio de Janeiro},
	publisher={Elsevier},
	year={2013}
}
@book{jenkins1978policy,
	title={Policy Analysis},
	subtitle={a political and organizational perspective},
	author={Jenkins, William Ieuan},
	year={1978},
	address={Londres},
	publisher={Martin Robertson}
}
@article{sarkovas2005incentivo,
	title={O incentivo fiscal à cultura no Brasil},
	journal={Revista D'art},
	address={São Paulo},
	year={2005},
	author={Sarkovas, Yacoff},
	pages={22-28},
}
@article{weiss2009estatais,
	title={O Papel das Estatais},
	author={Weiss, Ana and Kaufmann, Renato},
	journal={Revista Observatório Itaú Cultural},
	volume={07},
	month={jan./mar.},
	year={2009},
	address={São Paulo, SP},
	publisher={Itaú Cultural},
	furtherresp={ebook},
}
@book{smith1996riqueza,
	title={A riqueza das na{\c{c}}{\~o}es},
	author={Smith, Adam},
	year={1996},
	publisher={Editora Nova Cultural Ltda.},
	address={São Paulo},
}
@article{reis2007economia,
	title={Economia da Cultura e Desenvolvimento},
	author={Reis, Ana Carla Fonseca},
	journal={Revista Observatório Itaú Cultural},
	volume={02},
	month={mai./ago.},
	year={2007},
	address={São Paulo, SP},
	publisher={Itaú Cultural},
	furtherresp={ebook},
}
@book{haskett1997mecenas,
	title={Mecenas e Pintores -- arte e sociedade na Itália Barroca},
	author={Haskett, Francis},
	address={São Paulo},
	publisher={EDUSP},
	year={1997}
}
@book{vasari2004pittori,
	author={Vasari, Giorgio},
	title={Le Vite dei Più Eccellenti Pittori, Scultori e Architetti},
	address={Roma},
	publisher={Newton Compton Editori},
	year={2004},
	furtherresp={7 ed}
}
@book{tolila2007cultura,
	title={Cultura e economia},
	subtitle={problemas, hip{\'o}teses, pistas},
	author={Tolila, Paul},
	year={2007},
	address={São Paulo},
	publisher={Iluminuras: Itaú Cultural}
}
@article{stigler1961economics,
	title={The economics of information},
	author={Stigler, George J},
	journal={The journal of political economy},
	pages={213--225},
	year={1961},
	volume={69},
	number={3},
	month={jun.},
	publisher={JSTOR}
}
@book{bourdieu2003amor,
	title={O amor pela arte},
	subtitle={os museus de arte na Europa e seu p{\'u}blico},
	author={Bourdieu, Pierre and Darbel, Alain},
	year={2003},
	address={São Paulo},
	publisher={Edusp}
}
@book{benhamou2007economia,
	title={A economia da cultura},
	author={Benhamou, Fran{\c{c}}oise},
	year={2007},
	address={Cotia, SP},
	publisher={Atelie Editorial}
}
@book{baumol1966performing,
	title={Performing Arts -- the Economic Dilemma},
	subtitle={A Study of Problems Common to Theatre, Opera, Music and Dance},
	author={Baumol, William Jack and Bowen, William G},
	year={1966},
	address={Cambridge, MA},
	publisher={MIT Press}
}
@article{diniz2008analise,
	title={An{\'a}lise do setor cultural nas regi{\~o}es metropolitanas brasileiras},
	author={Diniz, Sibelle Corn{\'e}lio},
	journal={ENCONTRO NACIONAL DE ECONOMIA},
	volume={36},
	year={2008}
}
@book{throsby1979economics,
	title={The economics of performing arts},
	author={Throsby, Charles David and Withers, Glenn Alexander},
	address={London},
	year={1979},
	publisher={Edward Arnold publish.}
}
@book{leroy1980economie,
	title={Economie des arts du spectacle vivant},
	author={Leroy, Dominique},
	year={1980},
	address={Paris},
	publisher={Editions L'Harmattan}
}
@book{peacock1983inflation,
	title={Inflation and the Performing Arts},
	author={Peacock, Alan T and Shoesmith, Eddie and Millner, Geoffrey},
	publisher={Arts Council of Great Britain},
	address={London},
	year={1983}
}
@misc{baumol1984inflation,
	title={Inflation and the Performing Arts},
	author={Baumol, Hilda and Baumol, William J},
	year={1984},
	address={New York},
	publisher={NYU Press}
}
@mastersthesis{dias2011artes,
	title={Artes Performativas: Despesa P{\'u}blica e Procura em Portugal},
	author={Dias, Pedro Ricardo Sim{\~o}es},
	year={2011},
	address={Lisboa},
	type={mestrado},
	school={Instituto Superior de Economia e Gest{\~a}o}
}
@article{throsby1994production,
	title={The production and consumption of the arts: a view of cultural economics},
	author={Throsby, David},
	journal={Journal of economic literature},
	pages={1--29},
	volume={32},
	month={mar.},
	year={1994},
	publisher={JSTOR}
}
@incollection{throsby1983quality,
	title={Perception of Quality in Demand for the Theatre},
	author={Throsby, David C},
	booktitle={Economics of cultural decisions},
	editor={Hendon, William S and Shanahan, James L},
	year={1983},
	publisher={Abt Books},
	address={Cambridge, MA},
	pages={162--76}
}
@book{heilbrun2001economics,
	title={The economics of art and culture},
	author={Heilbrun, James and Gray, Charles M},
	year={2001},
	address={Cambridge, MA},
	publisher={Cambridge University Press}
}
@book{bourdieu2007distincao,
	title={A distin{\c{c}}{\~a}o},
	subtitle={crítica social do julgamento},
	author={Bourdieu, Pierre},
	address={S{\~a}o Paulo},
	publisher={Edusp},
	year={2007}
}
@book{towse2011handbook,
  title={A handbook of cultural economics},
  author={Towse, Ruth},
  year={2011},
  address={Cheltenham, UK},
  publisher={Edward Elgar Publishing}
}
@incollection{luksetich2011orchestras,
	title={Orchestras},
	author={Luksetich, William A},
	booktitle={A handbook of cultural economics},
	organization={Towse, Ruth},
	year={2011},
	address={Cheltenham, UK},
	publisher={Edward Elgar Publishing}
}
@mastersthesis{volpe1991gap,
title={The income gap and symphony orchestras},
author={Volpe, Joseph},
year={1991},
school={Department of Economics, University of Nevada},
address={Las Vegas},
type={Mestrado},
note={Não publicada}
}
@article{brooks2000income,
	title={The “Income Gap” and the Health of Arts Nonprofits},
	author={Brooks, Arthur C},
	journal={Nonprofit Management and Leadership},
	volume={10},
	number={3},
	pages={271--286},
	year={2000},
	publisher={Wiley Online Library}
}
@article{hansmann1981nonprofit,
	title={Nonprofit enterprise in the performing arts},
	author={Hansmann, Henry},
	journal={The Bell Journal of Economics},
	pages={341--361},
	volume={12},
	number={2},
	year={1981},
	publisher={JSTOR}
}
@article{lange1984demand,
	title={Demand Elasticities for Symphony Orchestras},
	author={Lange, Mark D and Luksetich, William A},
	journal={Journal of Cultural Economics},
	volume={8},
	number={1},
	year={1984},
	pages={29--48},
	publisher={Springer}
}
@article{felton1994evidence,
	title={Evidence of the Existence of the Cost Disease in the Performing Arts},
	author={Felton, Marianne Victorius},
	journal={Journal of Cultural Economics},
	volume={18},
	number={4},
	pages={301--312},
	year={1994},
	publisher={Springer}
}
@incollection{seaman1987price,
	title={Price discrimination in the arts},
	author={Seaman, Bruce A},
	booktitle={Managerial economics for the arts},
	organization={Hendon, William and Owens, Virginia},
	address={Akron, OH},
	publisher={The University of Akron Press},
	year={1987},
	pages={47--60},
}
@article{luksetich1995simultaneous,
	title={A simultaneous model of nonprofit symphony orchestra behavior},
	author={Luksetich, William A and Lange, Mark D},
	journal={Journal of Cultural Economics},
	volume={19},
	number={1},
	pages={49--68},
	year={1995},
	publisher={Springer}
}
@article{felton1992assumed,
	title={On the assumed inelasticity of demand for the performing arts},
	author={Felton, Marianne Victorius},
	journal={Journal of Cultural Economics},
	volume={16},
	number={1},
	pages={1--12},
	year={1992},
	publisher={Springer}
}
@techreport{goldin1997orchestrating,
	title={Orchestrating impartiality: The impact of ``blind'' auditions on female musicians},
	author={Goldin, Claudia and Rouse, Cecilia},
	year={1997},
	address={Cambridge, MA},
	furtherresp={NBER Working Paper no. 5903},
	publisher={National bureau of economic research}
}
@mastersthesis{ciocoiu2009schooling,
	title={The effects of schooling on earnings and employment in the labour market for conductors},
	author={Ciocoiu, Petrus},
	year={2009},
	school={Erasmus University},
	address={Rotterdam},
	note={Não publicada},
	type={Mestrado}
}
@phdthesis{boyle2007ownership,
	title={Ownership, efficiency and identity: the transition of Australia's symphony orchestras from government departments to corporate entities},
	author={Boyle, Stephen John},
	year={2007},
	address={Sydney, Australia},
	type={Doutorado},
	school={Macquarie University}
}
@article{luksetich2008effects,
	title={Effects of Subsidies on Symphony Orchestra Repertoire},
	author={Luksetich, William A and Hughes, Patricia A},
	journal={Economics Faculty Working Papers},
	volume={Paper 4},
	publisher={St. Cloud State University},
	year={2008},
	url={http://repository.stcloudstate.edu/cgi/viewcontent.cgi?article=1003&context=econ_wps},
	urlaccessdate={11/01/2016}
}
@article{carvalho2012organizaccoes,
	title={Organiza{\c{c}}{\~o}es sociais de cultura: o caso da Orquestra Sinf{\^o}nica do Estado de S{\~a}o Paulo},
	author={Carvalho, Patr{\'\i}cia Luciane de},
	year={2012},
	publisher={Revista dos Tribunais},
	journal={Revista de Direito Educacional, RDE},
	volume={3},
	number={6},
	month={jul./dez.},
	pages={135--60}
}
@inproceedings{arruda2010parcerias,
	title={Parcerias entre o Estado e o Terceiro Setor: A experi{\^e}ncia da Funda{\c{c}}{\~a}o Orquestra Sinf{\^o}nica do Estado de S{\~a}o Paulo.},
	author={Arruda, Fausto Augusto Marcucci},
	year={2010},
	organization={Congresso CONSAD de Gestão Pública},
	booktitle={Anais},
	conference-number={3},
	address={Brasília},
}
@article{lange1986managerial,
	title={Managerial objectives of symphony orchestras},
	author={Lange, Mark and Luksetich, William and Jacobs, Philip},
	journal={Managerial and Decision Economics},
	volume={7},
	number={4},
	pages={273--278},
	year={1986},
	publisher={Wiley Online Library}
}
@article{brooks1999public,
	title={Do public subsidies leverage private philanthropy for the arts? Empirical evidence on symphony orchestras},
	author={Brooks, Arthur C},
	journal={Nonprofit and Voluntary Sector Quarterly},
	volume={28},
	number={1},
	pages={32--45},
	year={1999},
	publisher={Sage Publications}
}
@book{fcs2016site,
	title={Site da Fundação Clóvis Salgado},
	organization={Fundação Clóvis Salgado/Palácio das Artes},
	org-short={FCS},
	year={2016},
	address={Minas Gerais},
	url={www.fcs.mg.gov.br},
	urlaccessdate={13 jan. 2016},
}
@article{marques2015osesp,
	title={OSESP -- 1954 / 2014},
	author={Marques, Luiz},
	journal={Site da OSESP},
	year={2015},
	url={http://www.osesp.art.br/paginadinamica.aspx?pagina=linhadotempo},
	urlaccessdate={13 jan. 2016}
}
@manual{osesp2013estatuto,
	title={3ª Alteração do Estatuto Social da Fundação Orquestra Sinfônica do Estado de São Paulo},
	organization={Fundação Orquestra Sinfônica do Estado de São Paulo},
	org-short={Fundação OSESP},
	year={2013},
	address={São Paulo},
	url={http://www.fundacao-osesp.art.br/upload/documentos/EstatutoSocial-FundacaoOsesp-3alteracao-2013.pdf},
	urlaccessdate={13 jan. 2016}
}
@incollection{osesp2014anexo1,
	title={Programa de Trabalho e Metas 2014 -- Anexo 1},
	booktitle={Contrato de Gestão 041/2010},
	organization={Governo do Estado de São Paulo -- Secretaria da Cultura},
	org-short={SEC São Paulo},
	address={São Paulo},
	year={2014},
	url={http://www.fundacao-osesp.art.br/upload/documentos/Transparencia/fosesp_anexo1_2014.pdf},
	urlaccessdate={15 jan. 2016}
}
@book{osesp2016site,
	title={Site da Fundação OSESP},
	organization={Fundação Orquestra Sinfônica do Estado de São Paulo},
	org-short={Fundação OSESP},
	address={São Paulo},
	year=2016,
	url={http://www.fundacao-osesp.art.br/},
	urlaccessdate={19 jan. 2016},
}
@book{osesp2014compromisso,
	title={Relatório de Compromisso Social},
	organization={Fundação Orquestra Sinfônica do Estado de São Paulo},
	org-short={Fundação OSESP},
	address={São Paulo},
	year=2014,
	url={http://fundacao-osesp.art.br/upload/documentos/Transparencia/RelatorioCompromissoSocial2014-web.pdf},
	urlaccessdate={19 jan. 2016},
}
@book{denooy2011exploratory,
	title={Exploratory social network analysis with Pajek},
	author={De, Nooy, Wouter and Mrvar, Andrej and Batagelj, Vladimir},
	year={2011},
	address={Cambridge},
	publisher={Cambridge University Press}
}
@Manual{rcoreteam2016,
    title = {R: A Language and Environment for Statistical Computing},
    author = {{R CORE TEAM}},
    organization = {R Foundation for Statistical Computing},
    address = {Vienna, Austria},
    year = {2016},
    url = {https://www.R-project.org/},
  }
@incollection{kertzer1997proper,
  	title={The proper role of culture in demographic explanation.},
  	author={Kertzer, David I},
  	booktitle={The continuing demographic transition},
  	editor={Jones, Gavin W and Douglas, Robert M and Caldwell, John C and D'Souza, Rennie M},
  	year={1997},
  	address={Oxford},
  	pages={137--157},
  	publisher={Clarendon Press}
}
@incollection{karpik2009elements,
	title={Élements de l'économie des singularités},
	author={Karpik, Lucien},
	booktitle={Trait{\'e} de sociologie {\'e}conomique},
	editor={Steiner, Philippe and Vatin, Fran{\c{c}}ois},
	furtherresp={2 ed},
	address={Paris},
	pages={163--206},
	year={2009},
	publisher={PUF}
}
@book{lazega2014redes,
	title={Redes sociais e estruturas relacionais},
	author={Lazega, Emmanuel and Higgins, Silvio Salej},
	publisher={Fino Traço},
	address={Belo Horizonte},
	year={2014}
}
@book{lazega2016multilevel,
	title={Multilevel Network Analysis for the Social Sciences},
	author={Lazega, Emmanuel and Snijders, TA},
	year={2016},
	address={Cham},
	publisher={Springer}
}
@incollection{lazega2009theorie,
	title={Th{\'e}orie de la coop{\'e}ration entre concurrents: Organisation, march{\'e} et analyse de r{\'e}seaux},
	author={Lazega, Emmanuel},
	booktitle={Trait{\'e} de sociologie {\'e}conomique},
	pages={561--599},
	editor={Steiner, Philippe and Vatin, Fran{\c{c}}ois},
	furtherresp={2 ed},
	address={Paris},
	year={2009},
	publisher={PUF}
}
@incollection{valente2005network,
	title={Network models and methods for studying the diffusion of innovations},
	author={Valente, Thomas W},
	booktitle={Models and methods in social network analysis},
	editor={Carrington, Peter J and Scott, John and Wasserman, Stanley},
	pages={98-116},
	year={2005},
	address={New York},
	publisher={Cambridge University Press}
}
@article{ryan1943diffusion,
	title={The diffusion of hybrid seed corn in two Iowa communities.},
	author={Ryan, Bryce and Gross, Neal C},
	journal={Rural sociology},
	volume={8},
	number={1},
	pages={15},
	year={1943}
}
@book{beal1955farm,
	title={How farm people accept new ideas},
	author={Beal, George M and Bohlen, Joseph M},
	furtherresp={Cooperative extension service report},
	address={Ames, IA},
	publisher={Iowa State University},
	volume={15},
	year={1955}
}
@article{katz1963traditions,
	title={Traditions of research on the diffusion of innovation},
	author={Katz, Elihu and Levin, Martin L and Hamilton, Herbert},
	journal={American Sociological Review},
	pages={237--252},
	year={1963},
	publisher={JSTOR}
}
@book{valente1995network,
	title={Network models of the diffusion of innovations},
	author={Valente, Thomas W},
	address={Cresskill, NJ},
	publisher={Hampton Press},
	year={1995}
}
@article{valente1995origins,
	title={The origins and development of the diffusion of innovations paradigm as an example of scientific growth},
	author={Valente, Thomas W and Rogers, Everett M},
	journal={Science communication},
	volume={16},
	number={3},
	pages={242--273},
	year={1995},
	publisher={Sage Publications}
}
@book{rogers2003diffusion,
	title={Diffusion of Innovations},
	author={Rogers, Everett M},
	year={2003},
	publisher={Free Press},
	address={New York},
	furtherresp={5 ed}
}
@book{white2002markets,
	title={Markets from Networks},
	subtitle={Socioeconomic models of production},
	author={White, Harrison C.},
	year={2002},
	address={Princeton},
	publisher={Princeton University Press}
}
@mastersthesis{crepalde2015maestro,
	title={O maestro, a orquestra e a racionalização das práticas musicais},
	author={Crepalde, Neylson J. B. F.},
	year={2015},
	school={Faculdade de Filosofia e Ciências Humanas, Universidade Federal de Minas Gerais},
	type={mestrado},
	address={Belo Horizonte}
}
@book{williamson1975markets,
	title={Markets and Hierarchies},
	subtitle={Analysis and antitrust implications},
	author={Williamson, Oliver E.},
	year={1975},
	address={New York},
	publisher={Free Press}
}
@book{fligstein2002architecture,
	title={The architecture of markets: An economic sociology of twenty-first-century capitalist societies},
	author={Fligstein, Neil},
	year={2002},
	address={Princeton},
	publisher={Princeton University Press}
}
@article{dimaggio1983iron,
	title={The iron cage revisited: Collective rationality and institutional isomorphism in organizational fields},
	author={DiMaggio, Paul and Powell, Walter W},
	journal={American Sociological Review},
	volume={48},
	number={2},
	pages={147--160},
	year={1983}
}
@book{kay1997pattern,
	title={Pattern in corporate evolution},
	author={Kay, Neil M},
	year={1997},
	address={Oxford},
	publisher={Oxford University Press}
}
@article{daudin2008mixture,
	title={A mixture model for random graphs},
	author={Daudin, J-J and Picard, Franck and Robin, St{\'e}phane},
	journal={Statistics and computing},
	volume={18},
	number={2},
	pages={173--183},
	year={2008},
	publisher={Springer}
}
@article{latouche2012variational,
	title={Variational Bayesian inference and complexity control for stochastic block models},
	author={Latouche, Pierre and Birmele, Etienne and Ambroise, Christophe},
	journal={Statistical Modelling},
	volume={12},
	number={1},
	pages={93--115},
	year={2012},
	publisher={Sage Publications Sage India: New Delhi, India}
}